<record><leader>00000cas a2200000 a 4500</leader><controlfield tag="001">28491166</controlfield><controlfield tag="008">930723d188919uuiluwr ne      0   a0eng c</controlfield><datafield ind1=" " ind2=" " tag="010"><subfield code="a">sn 93055800 </subfield></datafield><datafield ind1=" " ind2=" " tag="040"><subfield code="a">NVF</subfield><subfield code="b">eng</subfield><subfield code="c">NVF</subfield><subfield code="d">CVF</subfield><subfield code="d">OCLCQ</subfield><subfield code="d">NVF</subfield><subfield code="d">OCLCO</subfield><subfield code="d">NVF</subfield><subfield code="d">OCLCF</subfield><subfield code="d">NVF</subfield><subfield code="d">OCLCO</subfield><subfield code="d">OCL</subfield></datafield><datafield ind1="1" ind2=" " tag="029"><subfield code="a">AU@</subfield><subfield code="b">000025848770</subfield></datafield><datafield ind1=" " ind2=" " tag="042"><subfield code="a">pcc</subfield></datafield><datafield ind1=" " ind2=" " tag="043"><subfield code="a">n-us-il</subfield></datafield><datafield ind1="0" ind2="4" tag="245"><subfield code="a">The Austin vindicator.</subfield></datafield><datafield ind1=" " ind2=" " tag="260"><subfield code="a">Austin [Chicago] Ill. :</subfield><subfield code="b">Wm. Halley</subfield></datafield><datafield ind1=" " ind2=" " tag="300"><subfield code="a">volumes</subfield></datafield><datafield ind1=" " ind2=" " tag="310"><subfield code="a">Weekly</subfield></datafield><datafield ind1="1" ind2=" " tag="362"><subfield code="a">Began in 1889?</subfield></datafield><datafield ind1=" " ind2=" " tag="500"><subfield code="a">Austin, Ill., was incorporated into Chicago on Apr. 25, 1899.</subfield></datafield><datafield ind1=" " ind2=" " tag="580"><subfield code="a">Other eds.: West Side vindicator. &lt;1892-1895&gt;, and: Proviso vindicator, 1892-&lt;&gt;, and: Oak Park vindicator, 1892-&lt;1896&gt;.</subfield></datafield><datafield ind1=" " ind2=" " tag="588"><subfield code="a">Description based on: Vol. 4, no. 38 (Sept. 16, 1892).</subfield></datafield><datafield ind1=" " ind2=" " tag="588"><subfield code="a">Latest issue consulted: Apr. 21, 1905.</subfield></datafield><datafield ind1=" " ind2="0" tag="650"><subfield code="a">Community newspapers</subfield><subfield code="z">Illinois</subfield><subfield code="z">Chicago.</subfield></datafield><datafield ind1=" " ind2="0" tag="651"><subfield code="a">Austin (Ill.)</subfield><subfield code="v">Newspapers.</subfield></datafield><datafield ind1=" " ind2="0" tag="651"><subfield code="a">Austin (Chicago, Ill.)</subfield><subfield code="v">Newspapers.</subfield></datafield><datafield ind1=" " ind2="7" tag="655"><subfield code="a">Newspapers.</subfield><subfield code="2">fast</subfield><subfield code="0">(OCoLC)fst01423814</subfield></datafield><datafield ind1=" " ind2="7" tag="650"><subfield code="a">Community newspapers.</subfield><subfield code="2">fast</subfield><subfield code="0">(OCoLC)fst00871103</subfield></datafield><datafield ind1=" " ind2="7" tag="651"><subfield code="a">Illinois</subfield><subfield code="z">Austin.</subfield><subfield code="2">fast</subfield><subfield code="0">(OCoLC)fst01218315</subfield></datafield><datafield ind1=" " ind2="7" tag="651"><subfield code="a">Illinois</subfield><subfield code="z">Chicago.</subfield><subfield code="2">fast</subfield><subfield code="0">(OCoLC)fst01204048</subfield></datafield><datafield ind1=" " ind2="7" tag="651"><subfield code="a">Illinois</subfield><subfield code="z">Chicago</subfield><subfield code="z">Austin.</subfield><subfield code="2">fast</subfield><subfield code="0">(OCoLC)fst01328257</subfield></datafield><datafield ind1=" " ind2=" " tag="752"><subfield code="a">United States</subfield><subfield code="b">Illinois</subfield><subfield code="c">Cook County</subfield><subfield code="d">Chicago</subfield><subfield code="f">Austin.</subfield></datafield><datafield ind1=" " ind2=" " tag="752"><subfield code="a">United States</subfield><subfield code="b">Illinois</subfield><subfield code="c">Cook County</subfield><subfield code="d">Austin.</subfield></datafield><datafield ind1="1" ind2=" " tag="775"><subfield code="t">West Side vindicator</subfield><subfield code="w">(DLC)sn 93055820</subfield><subfield code="w">(OCoLC)29132641</subfield></datafield><datafield ind1="1" ind2=" " tag="775"><subfield code="t">Proviso vindicator</subfield><subfield code="w">(DLC)sn 93055822</subfield><subfield code="w">(OCoLC)29143347</subfield></datafield><datafield ind1="1" ind2=" " tag="775"><subfield code="t">Oak Park vindicator</subfield><subfield code="w">(DLC)sn 93055824</subfield><subfield code="w">(OCoLC)29146531</subfield></datafield><datafield ind1="0" ind2="0" tag="780"><subfield code="t">Austin vindicator and Cook County suburban news</subfield><subfield code="w">(DLC)sn 93055818</subfield><subfield code="w">(OCoLC)29125215</subfield></datafield></record>